<?xml version="1.0" encoding="UTF-8"?><collection xmlns="http://www.loc.gov/MARC21/slim"><record><leader>00682nam--2200193-i-4500</leader><controlfield tag="001">000020049</controlfield><controlfield tag="002">20161230</controlfield><controlfield tag="005">20161230201033</controlfield><controlfield tag="008">060222s1000------------r-----000-0-eng-d</controlfield><datafield ind1=" " ind2=" " tag="040"><subfield code="a">IFIN-HH</subfield></datafield><datafield ind1=" " ind2=" " tag="080"><subfield code="a">539.124.172(061.3)</subfield></datafield><datafield ind1="1" ind2=" " tag="100"><subfield code="a">Dobson, P.J</subfield></datafield><datafield ind1="1" ind2="0" tag="245"><subfield code="a">Electron diffraction 1927-1977</subfield><subfield code="b">Invited and contributed papers from the international conference on electron diffraction held in london, 19-21 september 1977</subfield><subfield code="c">P.j. dobson, j.b. pendry, c.j. humphreys (eds.)</subfield></datafield><datafield ind1=" " ind2=" " tag="260"><subfield code="a">Bristol</subfield><subfield code="b">Institute Of Physics</subfield><subfield code="c">1978</subfield></datafield><datafield ind1=" " ind2=" " tag="300"><subfield code="a">XI + 442P</subfield></datafield><datafield ind1=" " ind2=" " tag="490"><subfield code="a">Conference Series</subfield><subfield code="v">No. 41</subfield></datafield><datafield ind1="1" ind2=" " tag="700"><subfield code="a">Humphreys, C.J</subfield><subfield code="e">Ed</subfield></datafield><datafield ind1=" " ind2=" " tag="852"><subfield code="a">70233</subfield><subfield code="c">539.12</subfield></datafield><datafield ind1=" " ind2=" " tag="CAT"><subfield code="a">Sys</subfield><subfield code="c">20111208</subfield><subfield code="h">161748</subfield></datafield></record></collection>